@Article{intro:rate,
author = {Hulme, P. E. and Pysek, P. and Nentwig, W. and Vila, M.},
title = {Will threat of biological invasions unite the European Union?},
year = {2009},
journal = {Science},
volume = {324},
pages = {40-41}
}

@Article{intro:dataset,
author = {Hanno Seebens et al.},
title = {No saturation in the accumulation of alien species worldwide},
year = {2017},
journal = {Nature Communications},
doi = {DOI: 10.1038/ncomms14435}
}

@Article{intro:ecological,
author = {TODO, year, yournal and doi wrong},
title = {Analysing ecological dynamics with relational event models: the case of invasion events},
year = {2020},
journal = {Nature Communications},
doi = {DOI: 10.1038/ncomms14435}
}

@Article{intro:factors,
author = {Floerl, G. Inglis, K. Dey, and A. Smith},
title = {he importance of transport hubs in stepping-stone invasions},
year = {2009},
journal = {Journal of Applied Ecology},
volume = {46},
pages = {37-45},
doi = {DOI: 10.1038/ncomms14435}
}

@Article{rem:butts,
author = {Floerl, G. Inglis, K. Dey, and A. Smith},
title = {he importance of transport hubs in stepping-stone invasions},
year = {2009},
journal = {Journal of Applied Ecology},
volume = {46},
pages = {37-45},
doi = {DOI: 10.1038/ncomms14435}
}

@Article{intro:cattle,
author = {Floerl, G. Inglis, K. Dey, and A. Smith},
title = {he importance of transport hubs in stepping-stone invasions},
year = {2009},
journal = {Journal of Applied Ecology},
volume = {46},
pages = {37-45},
doi = {DOI: 10.1038/ncomms14435}
}
